Eye Movements in Parkinson’s Disease and Inherited Parkinsonian Syndromes
@article{pretegiani2017eye,
  title={Eye movements in Parkinson’s disease and inherited parkinsonian syndromes},
  author={Pretegiani, Elena and Optican, Lance M},
  journal={Frontiers in neurology},
  volume={8},
  pages={592},
  year={2017},
  publisher={Frontiers Media SA}
}

Detecting Abnormal Eye Movements in Patients with Neurodegenerative Diseases – Current Insights
@article{sekar2024detecting,
  title={Detecting Abnormal Eye Movements in Patients with Neurodegenerative Diseases--Current Insights},
  author={Sekar, Akila and Panouill{\`e}res, Muriel TN and Kaski, Diego},
  journal={Eye and Brain},
  pages={3--16},
  year={2024},
  publisher={Taylor \& Francis}
}

Parkinson disease
@article{balestrino2020parkinson,
  title={Parkinson disease},
  author={Balestrino, Roberta and Schapira, AHV},
  journal={European journal of neurology},
  volume={27},
  number={1},
  pages={27--42},
  year={2020},
  publisher={Wiley Online Library}
}
RBD and Neurodegenerative Diseases
@article{jiang2017rbd,
  title={RBD and neurodegenerative diseases},
  author={Jiang, Haiyang and Huang, Jinsha and Shen, Yan and Guo, Shiyi and Wang, Luxi and Han, Chao and Liu, Ling and Ma, Kai and Xia, Yun and Li, Jie and others},
  journal={Molecular neurobiology},
  volume={54},
  pages={2997--3006},
  year={2017},
  publisher={Springer}
}